% Encoding: UTF-8

@incollection{mello2007autismo,
  title={Autismo: guia pr{\'a}tico},
  author={Mello, Ana Maria S},
  booktitle={Autismo: guia pr{\'a}tico},
  year={2007}
}

@book{zichermann2011gamification,
  title={Gamification by design: Implementing game mechanics in web and mobile apps},
  author={Zichermann, Gabe and Cunningham, Christopher},
  year={2011},
  publisher={" O'Reilly Media, Inc."}
}

@book{marczewski2013gamification,
  title={Gamification: a simple introduction},
  author={Marczewski, Andrzej},
  year={2013},
  publisher={Andrzej Marczewski}
}

@book{de2014manual,
  title={DSM-5: Manual diagn{\'o}stico e estat{\'\i}stico de transtornos mentais},
  author={APA, American Psychiatric Association},
  year={2014},
  publisher={Artmed Editora}
}

@article{mesquita2013diagnostico,
  title={Diagn{\'o}stico e tratamento do transtorno aut{\'\i}stico em publica{\c{c}}{\~o}es brasileiras: revis{\~a}o de literatura},
  author={Mesquita, WS and Pegoraro, RF},
  journal={J. Health Sci Inst},
  volume={31},
  number={3},
  pages={324--329},
  year={2013}
}

@article{alcantara2013autismo,
  title={Autismo: Os Benef{\'\i}cios da Intera{\c{c}}{\~a}o Professor/Aluno/Fam{\'\i}lia},
  author={Alcantara, Sandra Kelly and Frighetto, Alexandra Magalh{\~a}es and Santos, Juliano Ciebre dos},
  journal={Nativa-Revista de Ci{\^e}ncias Sociais do Norte de Mato Grosso},
  volume={1},
  number={2},
  year={2013}
}

@book{clark2016learning,
  title={E-learning and the science of instruction: Proven guidelines for consumers and designers of multimedia learning},
  author={Clark, Ruth C and Mayer, Richard E},
  year={2016},
  publisher={John Wiley \& Sons}
}

@book{huizinga1971homo,
  title={Homo ludens: o jogo como elemento da cultura},
  author={Huizinga, Johan},
  volume={4},
  year={1971},
  publisher={Editora da Universidade de S. Paulo, Editora Perspectiva}
}

@inproceedings{da2013investigando,
  title={Investigando o Uso de Gamifica{\c{c}}{\~a}o para Aumentar o Engajamento em Sistemas Colaborativos.},
  author={Da Cunha, Lucas Felipe and Gasparini, Isabela and Berkenbrock, Carla Diacui Medeiros},
  booktitle={WAIHCWS},
  pages={28--33},
  year={2013}
}

@inproceedings{da2014gamificaccao,
  title={Gamifica{\c{c}}{\~a}o como estrat{\'e}gia no engajamento de estudantes do ensino fundamental},
  author={da Rocha Seixas, Luma and Gomes, Alex Sandro and Melo Filho, Ivanildo J and Rodrigues, Rodrigo Lins},
  booktitle={Brazilian Symposium on Computers in Education (Simp{\'o}sio Brasileiro de Inform{\'a}tica na Educa{\c{c}}{\~a}o-SBIE)},
  volume={25},
  number={1},
  pages={559},
  year={2014}
}

@incollection{mcpartland2012autism,
  title={Autism and related disorders},
  author={McPartland, James and Volkmar, Fred R},
  booktitle={Handbook of clinical neurology},
  volume={106},
  pages={407--418},
  year={2012},
  publisher={Elsevier}
}

@book{hobson1993autism,
  title={Autism and the development of mind},
  author={Hobson, R Peter},
  year={1993},
  publisher={Psychology Press}
}

@article{gomes2005learning,
  title={E-learning: reflex{\~o}es em torno do conceito},
  author={Gomes, Maria Jo{\~a}o},
  year={2005},
  publisher={Universidade do Minho. Centro de Compet{\^e}ncia do Projecto N{\'o}nio S{\'e}culo XXI}
}

@article{caccao2003introduccao,
  title={Introdu{\c{c}}{\~a}o ao e-learning},
  author={Ca{\c{c}}{\~a}o, Ros{\'a}rio and Dias, Paulo Jorge},
  journal={Sociedade Portuguesa de Inova{\c{c}}{\~a}o, SA. 1{\textordfeminine} Edi{\c{c}}{\~a}o. Porto},
  year={2003}
}

@article{mashuda2015m,
  title={M-Learning: a Utiliza{\c{c}}{\~a}o de Dispositivos M{\'o}veis no Contexto Educacional},
  author={Mashuda, Cristiane Regina Yamaguti and Cazzetta, Jenai Oliveira and Berto, Wagner Luiz and Godoy, Oz{\'e}ias},
  journal={UNOPAR Cient{\'\i}fica Ci{\^e}ncias Exatas e Tecnol{\'o}gicas},
  volume={9},
  number={1},
  year={2015}
}

@inproceedings{pelissoli2004aprendizado,
  title={Aprendizado m{\'o}vel (M-Learning): dispositivos e cen{\'a}rios},
  author={Pelissoli, Luciano and Loyolla, Waldomiro},
  booktitle={Actas do congresso Internacional de Educa{\c{c}}{\~a}o a Dist{\^a}ncia, Brasil. Obtido em http://www. abed. org. br/congresso2004/por/htm/074-TC-C2. htm Acess{\'\i}vel em},
  volume={15},
  pages={03--06},
  year={2004}
}

@article{zanella2007m,
  title={M-LEAR IG OU APRE DIZAGEM COM MOBILIDADE: UM ESTUDO EXPLORAT{\'O}RIO SOBRE SUA UTILIZA{\c{C}}{\~A}O O BRASIL},
  author={Zanella, Amarolinda Sacol and Schlemmer, Eliane and Barbosa, Jorge Luis Vict{\'o}ria and Reinhard, Nicolau},
  year={2007}
}

@article{da2013aprendizagem,
  title={Aprendizagem, mobilidade e converg{\^e}ncia: mobile learning com celulares e smartphones},
  author={da Fonseca, Ana Graciela Mendes Fernandes},
  journal={Revista\_M{\'\i}dia\_e\_Cotidiano},
  volume={2},
  number={2},
  pages={265--283},
  year={2013}
}

@inproceedings{deterding2011gamification,
  title={Gamification: Toward a definition},
  author={Deterding, Sebastian and Khaled, Rilla and Nacke, Lennart E and Dixon, Dan},
  booktitle={CHI 2011 gamification workshop proceedings},
  volume={12},
  year={2011},
  organization={Vancouver BC, Canada}
}



@inproceedings{hunicke2004mda,
  title={MDA: A formal approach to game design and game research},
  author={Hunicke, Robin and LeBlanc, Marc and Zubek, Robert},
  booktitle={Proceedings of the AAAI Workshop on Challenges in Game AI},
  volume={4},
  number={1},
  pages={1--5},
  year={2004},
  organization={AAAI Press San Jose, CA}
}

@article{araujo2014nova,
  title={A nova classifica{\c{c}}{\~a}o americana para os transtornos mentais: o DSM-5},
  author={Ara{\'u}jo, {\'A}lvaro Cabral and Lotufo Neto, Francisco},
  journal={Revista brasileira de terapia comportamental e cognitiva},
  volume={16},
  number={1},
  pages={67--82},
  year={2014},
  publisher={Associa{\c{c}}{\~a}o Brasileira de Psicoterapia e Medicina Comportamental}
}

@article{schmidt2017transtorno,
  title={Transtorno do Espectro Autista: onde estamos e para onde vamos},
  author={Schmidt, Carlo},
  journal={Psicologia em Estudo},
  volume={22},
  number={2},
  pages={221--230},
  year={2017}
}

@article{assumpccao2000autismo,
  title={Autismo infantil},
  author={Assump{\c{c}}{\~a}o Jr, Francisco B and Pimentel, Ana Cristina M},
  journal={Revista Brasileira de Psiquiatria},
  volume={22},
  pages={37--39},
  year={2000},
  publisher={SciELO Brasil}
}

@inproceedings{neto2017cotidiano,
  title={Cotidiano: um software para auxiliar crian{\c{c}}as autistas em suas atividades di{\'a}rias},
  author={Neto, Afranio and Rufino, Hugo and Nakamoto, Paula and Palis, Rodolfo and Beira, Diovane},
  booktitle={Brazilian Symposium on Computers in Education (Simp{\'o}sio Brasileiro de Inform{\'a}tica na Educa{\c{c}}{\~a}o-SBIE)},
  volume={28},
  number={1},
  pages={404},
  year={2017}
}
@mastersthesis{ern2014use,
  title={The use of gamification and serious games within interventions for children with autism spectrum disorder},
  author={Ern, Anna M},
  type={{B.S.} thesis},
  year={2014},
  school={University of Twente}
}

@article{farias2013prototipo,
  title={Prot{\'o}tipo de uma Ferramenta de Software para Apoio no Tratamento de Crian{\c{c}}as com Autismo},
  author={Farias, Ezequiel B and Cunha, M{\^o}nica XC},
  journal={Simp{\'o}sio Brasileiro de Sistemas de Informa{\c{c}}{\~a}o},
  volume={9},
  pages={332--342},
  year={2013}
}

@article{cartagenes2017software,
  title={Software baseado no m{\'e}todo ABA para aux{\'\i}lio ao ensino-aprendizagem de crian{\c{c}}as portadoras de Transtorno Global do Desenvolvimento-Autista},
  author={Cartagenes, Marcus V and Castro, Christopher AL and Almeida, Gylnara KFC and Magalhaes, Yonara C and Almeida, Will RM},
  journal={Anais do Computer on the Beach},
  pages={162--171},
  year={2017}
}

@article{aziz2014educational,
  title={Educational App for Children with Autism Spectrum Disorders (ASDs)},
  author={Aziz, Mohd ZA and Abdullah, Syahrul AC and Adnan, Syed FS and Mazalan, Lucyantie},
  journal={Procedia Computer Science},
  volume={42},
  pages={70--77},
  year={2014},
  publisher={Elsevier}
}


@book{sommerville2008engenharia,
  title={Engenharia de software},
  author={Sommerville, Ian and Arakaki, Reginaldo and Melnikoff, Selma Shin Shimizu},
  year={2008},
  publisher={Pearson Prentice Hall}
}

@article{fardo2013gamificaccao,
  title={A gamifica{\c{c}}{\~a}o aplicada em ambientes de aprendizagem},
  author={Fardo, Marcelo Luis},
  journal={RENOTE},
  volume={11},
  number={1},
  year={2013}
}

@online{dadosOnuAutismo,
  author = {ONU},
  title = {autism spectrum disorders},
  year = 2017,
  url = {http://www.who.int/mediacentre/factsheets/autism-spectrum-disorders/en/},
  urldate = {2018-05-24},
  note = {Acessado: 24 Maio. 2018}
}

@online{dadosApaeAutismo,
  author = {APAE},
  title = {numero de pessoas com autismo aumenta em todo o brasil},
  year = 2017,
  url = {https://apaebrasil.org.br/noticia/numero-de-pessoas-com-autismo-aumenta-em-todo-o-brasil},
  urldate = {2018-05-27},
  note = {Acessado: 27 Maio. 2018}
}