%##########################################SITES##############################################################################
@misc{estadao:2018,
    title   ={Brasil já tem mais de um smartphone ativo por habitante, diz estudo da FGV},
    url     ={https://link.estadao.com.br/noticias/geral,brasil-ja-tem-mais-de-um-smartphone-ativo-por-habitante-diz-estudo-da-fgv,70002275238},
    year   = "2018",
    organization={Estadão},
    urlaccessdate={25 de Agosto de 2018}
}

@misc{gsma:2017,
    title   ={NUMBER OF MOBILE SUBSCRIBERS WORLDWIDE HITS 5 BILLION},
    url     ={https://www.gsma.com/newsroom/press-release/number-mobile-subscribers-worldwide-hits-5-billion/},
    year   = "2017",
    organization={Gsma},
    urlaccessdate={25 de Agosto de 2018}
}

@misc{niantic:2018,
    title   ={The Niantic History},
    url     ={https://www.nianticlabs.com/about//},
    year   = "2018",
    organization={Niantic},
    urlaccessdate={09 de Setembro de 2018}
}

@misc{hitl:2000,
    title   ={Introduction to ARToolKit},
    url     ={https://www.hitl.washington.edu/artoolkit/documentation/userintro.htm},
    year   = "2000",
    organization={Hitl},
    urlaccessdate={10 de Setembro de 2018}
}


@misc{geocaching:2018,
    title   ={Geocaching is the world's largest treasure hunting game.},
    url     ={https://newsroom.geocaching.com/},
    year   = "2018",
    organization={Geocaching},
    urlaccessdate={22 de Outubro de 2018}
}

@misc{Cawley:2017,
    title   ={The World’s First Augmented Reality Dating App Is Finally Here.},
    url     ={https://tech.co/first-augmented-reality-dating-app-2017-06},
    year   = "2017",
    organization={Tech.co},
    urlaccessdate={23 de Outubro de 2018}
}

@misc{chloe:2017,
    title   ={New Augmented Reality Dating App FlirtAR Raises \$1.5m Series A},
    url     ={https://globaldatinginsights.com/2017/08/31/new-augmented-reality-dating-app-flirtar-raises-1-5m-series-a/},
    year   = "2017",
    organization={Global Dating Insight},
    urlaccessdate={23 de Outubro de 2018}
}


@misc{ludia:2018,
    title   ={Jurassic World Alive},
    url     ={https://www.ludia.com/en/games/jurassic-world-alive},
    year   = "2018",
    organization={Ludia Inc.},
    urlaccessdate={24 de Outubro de 2018}
}

@misc{universal:2018,
    title   ={NEW JURASSIC WORLD ALIVE MOBILE GAME},
    url     ={http://www.jurassicworld.com/news/new-jurassic-world-alive-mobile-game},
    year   = "2018",
    organization={Universal Studios},
    urlaccessdate={24 de Outubro de 2018}
}

@misc{zap:2017,
    title   ={ZAP lança novo aplicativo com realidade aumentada},
    url     ={https://revista.zapimoveis.com.br/zap-explora-novo-aplicativo-com-realidade-aumentada/},
    year   = "2017",
    organization={Zap},
    urlaccessdate={28 de Outubro de 2018}
}

@misc{google:2018,
    title   ={ARCore Overview},
    url     ={https://developers.google.com/ar/},
    year   = "2018",
    organization={Google AR},
    urlaccessdate={03 de Novembro de 2018}
}

@misc{layar:2018,
    title   ={SIMPLE PRICING THAT SUITS YOUR NEEDS},
    url     ={https://www.layar.com/pricing/#/USD},
    year   = "2018",
    organization={LayAR},
    urlaccessdate={08 de Novembro de 2018}
}

@misc{vuforia:2018,
    title   ={Ready to Deploy?},
    url     ={https://developer.vuforia.com/vui/pricing},
    year   = "2018",
    organization={Qualcomm},
    urlaccessdate={08 de Novembro de 2018}
}


@misc{startupsstars,
    title   ={PINMYSPOT | APLICATIVO DA VEZ},
    url     ={https://www.startupsstars.com/2017/03/pinmyspot-aplicativo-da-vez/},
    year   = "2017",
    organization={Talita Lombardi},
    urlaccessdate={12 de Novembro de 2018}
}

@misc{gps:tecmundo,
    title   ={Como funciona o GPS?},
    url     ={https://www.tecmundo.com.br/gps/2562-como-funciona-o-gps-.htm},
    year   = "2009",
    organization={TecMundo},
    urlaccessdate={11 de Dezembro de 2018}
}
%##########################################ARTIGOS############################################################################
@article{dutra:2016,
  title={A hist{\'o}ria do telefone celular como distin{\c{c}}{\~a}o social no Brasil. Da elite empresarial ao consumo da classe popular},
  author={Dutra, Flora},
  journal={Revista Brasileira de Hist{\'o}ria da M{\'\i}dia},
  volume={5},
  number={2},
  year={2016}
}

@inproceedings{kirner:2007,
  title={Realidade virtual e aumentada: conceitos, projeto e aplica{\c{c}}{\~o}es},
  author={Kirner, Claudio and Siscoutto, Robson},
  booktitle={Livro do IX Symposium on Virtual and Augmented Reality, Petr{\'o}polis (RJ), Porto Alegre: SBC},
  year={2007}
}

@article{wagner:2017,
  title={Pok{\'e}mon GO: Healthy or harmful?},
  author={Wagner-Greene, Victoria R and Wotring, Amy J and Castor, Thomas and MSHE, Jessica Kruger and Mortemore, Sarah},
  journal={American journal of public health},
  volume={107},
  number={1},
  pages={35},
  year={2017},
  publisher={American Public Health Association}
}

@article{sobke:2017,
  title={Prime Example Ingress Reframing the Pervasive Game Design Framework (PGDF)},
  author={S{\"o}bke, Heinrich and Hauge, Jannicke Baalsrud and Stefan, Ioana Andreea},
  journal={International Journal of Serious Games},
  volume={4},
  number={2},
  year={2017}
}

@article{francca:2005,
  title={Um compositor musical tang{\'\i}vel usando o artoolkit},
  author={Fran{\c{c}}a, Marcelo Fernandes and de Almeida, Felipe Afonso and Baccan, Davi D’Andr{\'e}a and de Computa{\c{c}}{\~a}o, Divis{\~a}o de Ci{\^e}ncia},
  journal={Instituto Tecnol{\'o}gico de Aeron{\'a}utica},
  year={2005}
}

@article{santin:2008,
  title={Artoolkit: Conceitos e ferramenta de autoria colaborativa},
  author={Santin, Rafael and Kirner, Claudio},
  journal={Realidade Virtual e Aumentada: Uma Abordagem Tecnol{\'o}gica, SBC, Porto Alegre},
  pages={178--276},
  year={2008}
}

@article{ibanez:2013,
  title={Vuforia v1. 5 SDK: Analysis and evaluation of capabilities},
  author={Iba{\~n}ez, Alexandro Simonetti and Figueras, Josep Paredes},
  journal={Master in Science in Telecommunication Engineering \& Management},
  year={2013}
}

@article{amin:2015,
  title={Comparative study of augmented reality SDKs},
  author={Amin, Dhiraj and Govilkar, Sharvari},
  journal={International Journal on Computational Science \& Applications},
  volume={5},
  number={1},
  pages={11--26},
  year={2015}
}

@article{schenkel:2018,
  title={Novas interações com o consumidor},
  author={Schenkel, Laura},
  journal={Bens \& Serviço},
  number={158},
  year={2018}
}

@inproceedings{more:2016,
  title={Cartilha Digital 3D como aux{\'\i}lio {\`a} alfabetiza{\c{c}}{\~a}o e letramento: desenvolvimento de aplicativo m{\'o}vel com uso de realidade aumentada},
  author={More, Alessandro and Pereira, Gabriel Amarante and da Silva, Willian Alexandre and Rodrigues, Luciene Cavalcanti and de Assis KAIMOTI, Naiara Luchini and Queiroga, Ana},
  booktitle={Anais do Workshop de Inform{\'a}tica na Escola},
  volume={22},
  number={1},
  pages={895},
  year={2016}
}

@article{manzano:2016,
  title={Aplica{\c{c}}{\~o}es de realidade aumentada no ensino de F{\'\i}sica a partir do software LAYAR},
  author={Manzano, Ram{\'o}n Cid and de Oliveira, Luciano Denardin},
  journal={RENOTE. Revista Novas Tecnologias na Educa{\c{c}}{\~a}o},
  year={2016}
}

@article{de:2014,
  title={Desenvolvimento de navegador de Realidade Aumentada para explora{\c{c}}{\~a}o regional de zonas de interesse},
  author={DE SOUZA, JESSICA OLIVEIRA and Botega, Leonardo Castro},
  journal={REGRAD-Revista Eletr{\^o}nica de Gradua{\c{c}}{\~a}o do UNIVEM-ISSN 1984-7866},
  volume={6},
  number={1},
  year={2014}
}

@article{correiadev,
  title={Desenvolvimento de um software educacional para o ensino aprendizagem de LIBRAS utilizando realidade aumentada},
  author={Correia, Derek Oliveira and de Gusm{\~a}o Coutinho, Fernando and de Medeiros, Athos Reis},
  year={2018}
}

@article{faganholi,
  title={ARTOOLKIT: CONCEITOS E FERRAMENTA DE AUTORIA COLABORATIVA },
  author={Faganholi, Pedro Luiz},
  year={2018},
}

@inproceedings{kirner2005aplicaccoes,
  title={Aplica{\c{c}}{\~o}es educacionais em ambientes colaborativos com realidade aumentada},
  author={Kirner, Claudio and Zorzal, Ezequiel Roberto},
  booktitle={Brazilian Symposium on Computers in Education (Simp{\'o}sio Brasileiro de Inform{\'a}tica na Educa{\c{c}}{\~a}o-SBIE)},
  volume={1},
  number={1},
  pages={114--124},
  year={2005}
}

@inproceedings{kirner2007realidade,
  title={Realidade virtual e aumentada: conceitos, projeto e aplica{\c{c}}{\~o}es},
  author={Kirner, Claudio and Siscoutto, Robson},
  booktitle={Livro do IX Symposium on Virtual and Augmented Reality, Petr{\'o}polis (RJ), Porto Alegre: SBC},
  year={2007}
}

@inproceedings{zorzal2006realidade,
  title={Realidade aumentada aplicada em jogos educacionais},
  author={Zorzal, Ezequiel Roberto and Cardoso, Alexandre and Kirner, Claudio and Lamounier, E},
  booktitle={V Workshop de Educa{\c{c}}{\~a}o em Computa{\c{c}}{\~a}o e Inform{\'a}tica do Estado de Minas Gerais-WEIMIG},
  year={2006}
}

@article{costa2012desenvolvimento,
  title={Desenvolvimento de aplicativo m{\'o}vel do servi{\c{c}}o web PATROOL. com utilizando a tecnologia Appcelerator Titanium},
  author={Costa, Carlos Humberto Lopes},
  year={2012},
  publisher={Universidade Tecnol{\'o}gica Federal do Paran{\'a}}
}

@article{carvalho2017potencia,
  title={O potencial explorat{\'o}rio da Geolocaliza{\c{c}}{\~a}o em games},
  author={Carvalho, Liands},
  journal={Tem{\'a}tica},
  volume={13},
  number={4},
  year={2017}
}

@article{neto2014desenvolvimento,
  title={Desenvolvimento e integra{\c{c}}{\~a}o de mapas din{\^a}micos georreferenciados para o gerenciamento e vigil{\^a}ncia em sa{\'u}de},
  author={Neto, Virgilio Cavicchioli and Chiari, Nat{\'a}lia Santana and Carvalho, Isabelle and Pisa, Ivan Torres and Alves, Domingos},
  journal={Journal of health informatics},
  volume={6},
  number={1},
  year={2014}
}

@article{faria2014vamos,
  title={Por onde vamos?: o engajamento, a colabora{\c{c}}{\~a}o e o crowdsourcing no aplicativo Waze},
  author={Faria, Heitor Albernaz de},
  year={2014}
}

@misc{bergamaschi2014estudo,
  title={Estudo sobre a utiliza{\c{c}}{\~a}o de VUFORIA e Unity 3D com RA para dispositivos m{\'o}veis},
  author={Bergamaschi, M and de Morais, Thamires Martins Augusto},
  year={2014}
}

@article{rodrigues2011guia,
  title={Guia Tur{\'\i}stico em Dispositivo M{\'o}vel Baseado em Ra-Mobiguidetour},
  author={Rodrigues, Antonio and Beco, Andrea and Teixeira, Leonardo},
  journal={Simpósio de excelência em gestão e tecnologia},
  volume={8},
  pages={1--15},
  year={2011}
}

@article{pereira2016jogo,
  title={Jogo baseado na localiza{\c{c}}{\~a}o para optimiza{\c{c}}{\~a}o da experi{\^e}ncia turistica},
  author={Pereira, Daniel Borges},
  year={2016}
}

@article{silva2012desenvolvimento,
  title={Desenvolvimento de aplicativo para visualiza{\c{c}}{\~a}o de patrim{\^o}nio hist{\'o}rico-arquitet{\^o}nico em realidade aumentada},
  author={Silva, Adriane Borda Almeida da and Heidrich, Felipe Etchegaray and Gomes, Hector Medina and Perrone, Felipe Rodrigues},
  year={2012}
}


@article{lindemann2014desenvolvimento,
  title={Desenvolvimento de aplica{\c{c}}{\~a}o de realidade aumentada em dispositivos m{\'o}veis},
  author={Lindemann, Janio Luis},
  year={2014}
}

@article{desistemas,
  title={Sistemas de Realidade Aumentada M{\'o}vel Suportados por Computa{\c{c}}{\~a}o em Nuvem},
  author={de Paula Bianchini, Calebe and Silva, Luciano},
  year={2014}
}

@inproceedings{fraga2017ambiente,
  title={Um ambiente para autoria e realiza{\c{c}}{\~a}o de aplica{\c{c}}{\~o}es educacionais com realidade aumentada},
  author={Fraga, Thiago and de Menezes, Credin{\'e}},
  booktitle={Brazilian Symposium on Computers in Education (Simp{\'o}sio Brasileiro de Inform{\'a}tica na Educa{\c{c}}{\~a}o-SBIE)},
  volume={28},
  number={1},
  pages={937},
  year={2017}
}


@article{rovadosky2012aplicaccao,
  title={Uma aplica{\c{c}}{\~a}o de realidade aumentada para dispositivo m{\'o}vel com sistema operacional Android},
  author={Rovadosky, Douglas Samuel and Pavan, Willingthon and Dalbosco, Jaqson and Cervi, Cristiano Roberto},
  journal={Revista Brasileira de Computa{\c{c}}{\~a}o Aplicada},
  volume={4},
  number={1},
  pages={25--37},
  year={2012}
}

@article{santos2015desenvolvimento,
  title={Desenvolvimento de sistema de geolocaliza{\c{c}}{\~a}o em realidade aumentada para multiplataforma m{\'o}vel},
  author={Santos J{\'u}nior, Gesmar de Paula and others},
  year={2015},
  publisher={Universidade Federal de Uberl{\^a}ndia}
}

%##########################################LIVROS############################################################################

@book{tori:2006,
  title={Fundamentos e tecnologia de realidade virtual e aumentada},
  author={Tori, Romero and Kirner, Claudio and Siscoutto, Robson Augusto},
  year={2006},
  publisher={Editora SBC}
}







@inproceedings{2014geocaching,
  title={Geocaching, pessoas em rede numa realidade aumentada},
  author={de Armada, Frederica Claro and Sarmento, Jo{\~a}o and Brito-Henriques, Eduardo},
  booktitle={XIV Col{\'o}quio Ib{\'e}rico de Geografia},
  year={2014}
}


@article{alencar2011,
  title={A mobilidade como aventura na cidade: jogos baseados em geolocaliza{\c{c}}{\~a}o (gps) e apropria{\c{c}}{\~a}o urbana.},
  author={Alencar Viana, Juliana},
  journal={Movimento},
  volume={17},
  number={1},
  year={2011},
  publisher={Escola de Educa{\c{c}}{\~a}o F{\'\i}sica}
}
